@STRING{cjp="Can. J. Phys."}
@STRING{nn="Neutron News"}  
@STRING{pb="Physica B"}

@article{nn_10_20,
   author    = {K. Lefmann and K. Nielsen},
   title     = {McStas, a general software package for neutron ray-tracing simulations},
   journal   = nn,
   pages     = {20-23},
   year      = {1999},
   volume    = {10}
}

@article{cjp_73_697,
   author    = {T. E. Mason and K. N. Clausen and G. Aeppli and D. F. McMorrow and J. K. Kjems},
   title     = {{RITA}: {T}he reinvented triple axis spectrometer},
   journal   = cjp,
   pages     = {697-702},
   year      = {1995},
   volume    = {73}
}

@article{pb_241_50,
   author    = {K. N. Clausen and D. F. McMorrow and K. Lefmann and G. Aeppli and T. E. Mason
       and A. Schr{\"o}der and M. Issikii and M. Nohara and H. Takagi},
   title     = {The {RITA} spectrometer at {R}is{\o} - design considerations and recent
       results},
   journal   = pb,
   pages     = {50-55},
   year      = {1998},
   volume    = {241-243}
}

@article{pb_283_343,
   author    = {K. Lefmann and D. F. McMorrow and H. M. R{\o}nnow and K. Nielsen and
       K. N. Clausen and B. Lake and G. Aeppli},
   title     = {Added flexibility in triple axis spectrometers: the two RITAs at Ris{\o}},
   journal   = pb,
   pages     = {343-354},
   year      = {2000},
   volume    = {283}
}

@book{num_rep,
   author    = {W. H. Press and S. A. Teukolsky and W. T. Vetterling
       and B. P. Flannery},
   title     = {Numerical {R}ecipes in {C}},
   year      = {1986},
   publisher = {Cambridge University Press}
}


@techreport{tas1_report,
   author    = {A. Abrahamsen and N. B. Christensen and E. Lauridsen},
   title     = {{McStas} simulations of the {TAS1} spectrometer},
   institution = {Niels Bohr Institute, University of Copenhagen},
   year      = {1998},
   type      = {Student's report}
}

@misc{mcstas_webpage,
   note      = {See http://neutron.risoe.dk/mcstas/}
}

@misc{ess_webpage,
   note      = {See http://www.ess-europe.de}
}

@misc{debian_webpage,
   note      = {See http://www.debian.org/}
}

@misc{nexus_webpage,
   note      = {See http://www.neutron.anl.gov/nexus/}
}


